@incollection{cawthorne2022robot,
  title={Robot Ethics: Ethical Design Considerations},
  author={Cawthorne, Dylan},
  booktitle={Foundations of Robotics: A Multidisciplinary Approach with Python and ROS},
  pages={473--491},
  year={2022},
  publisher={Springer}
}